@TechReport{AspireNoSql,
  author      = {Aspire System},
  title       = {BigData with NoSQL},
  institution = {Aspire System},
  year        = {2014},
  url         = {http://www.aspiresys.com/WhitePapers/BigData_with_NoSQL_Whitepaper.pdf?pdf=nosql-whitepaper},
}
